@article{medvedev2009,
  title={Computational methods for discovering structural variation with next-generation sequencing},
  author={Medvedev, P. and Stanciu, M. and Brudno, M.},
  journal={Nature methods},
  volume={6},
  pages={S13--S20},
  year={2009},
  publisher={Nature Publishing Group}
}

@article{chu2009,
  title={Statistical model for whole genome sequencing and its application to minimally invasive diagnosis of fetal genetic disease},
  author={Chu, T. and Bunce, K. and Hogge, W.A. and Peters, D.G.},
  journal={Bioinformatics},
  volume={25},
  number={10},
  pages={1244--1250},
  year={2009},
  publisher={Oxford Univ Press}
}

@article{kitzman2012,
  title={Noninvasive whole-genome sequencing of a human fetus},
  author={Kitzman, J.O. and Snyder, M.W. and Ventura, M. and Lewis, A.P. and Qiu, R. and Simmons, L.V.E. and Gammill, H.S. and others},
  journal={Science Translational Medicine},
  volume={4},
  number={137},
  pages={137ra76--137ra76},
  year={2012},
  publisher={American Association for the Advancement of Science}
}

@article{saunders2012,
    author = {Saunders, C.J. and Miller, N.A. and Soden, S.E. and Dinwiddie, D.L. and Kingsmore, S.F. and others}, 
    title = {Rapid Whole-Genome Sequencing for Genetic Disease Diagnosis in Neonatal Intensive Care Units}, 
    volume = {4}, 
    number = {154}, 
    pages = {154ra135}, 
    year = {2012}, 
    doi = {10.1126/scitranslmed.3004041}, 
    URL = {http://stm.sciencemag.org/content/4/154/154ra135.abstract}, 
    eprint = {http://stm.sciencemag.org/content/4/154/154ra135.full.pdf}, 
    journal = {Science Translational Medicine} 
}

@book{durbin1998,
  title={Biological sequence analysis: probabilistic models of proteins and nucleic acids},
  author={Durbin, R. and Eddy, S.R. and Krogh, A. and Mitchison, G.},
  year={1998},
  publisher={Cambridge university press}
}

@article{bauer2006,
  title={A prospective analysis of cell-free fetal DNA concentration in maternal plasma as an indicator for adverse pregnancy outcome},
  author={Bauer, M. and Hutterer, G. and Eder, M. and Majer, S. and LeShane, E. and Johnson, K.L. and Peter, I. and Bianchi, D.W. and Pertl, B.},
  journal={Prenatal diagnosis},
  volume={26},
  number={9},
  pages={831--836},
  year={2006},
  publisher={Wiley Online Library}
}
