@article{medvedev2009,
  title={Computational methods for discovering structural variation with next-generation sequencing},
  author={Medvedev, P. and Stanciu, M. and Brudno, M.},
  journal={Nature methods},
  volume={6},
  pages={S13--S20},
  year={2009},
  publisher={Nature Publishing Group}
}

@article{chu2009,
  title={Statistical model for whole genome sequencing and its application to minimally invasive diagnosis of fetal genetic disease},
  author={Chu, T. and Bunce, K. and Hogge, W.A. and Peters, D.G.},
  journal={Bioinformatics},
  volume={25},
  number={10},
  pages={1244--1250},
  year={2009},
  publisher={Oxford Univ Press}
}

@article{kitzman2012,
  title={Noninvasive whole-genome sequencing of a human fetus},
  author={Kitzman, J.O. and Snyder, M.W. and Ventura, M. and Lewis, A.P. and Qiu, R. and Simmons, L.V.E. and Gammill, H.S. and others},
  journal={Science Translational Medicine},
  volume={4},
  number={137},
  pages={137ra76--137ra76},
  year={2012},
  publisher={American Association for the Advancement of Science}
}

@article{saunders2012,
    author = {Saunders, C.J. and Miller, N.A. and Soden, S.E. and Dinwiddie, D.L. and Kingsmore, S.F. and others}, 
    title = {Rapid Whole-Genome Sequencing for Genetic Disease Diagnosis in Neonatal Intensive Care Units}, 
    volume = {4}, 
    number = {154}, 
    pages = {154ra135}, 
    year = {2012}, 
    doi = {10.1126/scitranslmed.3004041}, 
    URL = {http://stm.sciencemag.org/content/4/154/154ra135.abstract}, 
    eprint = {http://stm.sciencemag.org/content/4/154/154ra135.full.pdf}, 
    journal = {Science Translational Medicine} 
}

@book{durbin1998,
  title={Biological sequence analysis: probabilistic models of proteins and nucleic acids},
  author={Durbin, R. and Eddy, S.R. and Krogh, A. and Mitchison, G.},
  year={1998},
  publisher={Cambridge university press}
}

@article{bauer2006,
  title={{A prospective analysis of cell-free fetal DNA concentration in maternal plasma as an indicator for adverse pregnancy outcome}},
  author={Bauer, M. and Hutterer, G. and Eder, M. and Majer, S. and LeShane, E. and Johnson, K.L. and Peter, I. and Bianchi, D.W. and Pertl, B.},
  journal={Prenatal diagnosis},
  volume={26},
  number={9},
  pages={831--836},
  year={2006},
  publisher={Wiley Online Library}
}

@article{srinivasan2013,
  title={Noninvasive detection of fetal subchromosome abnormalities via deep sequencing of maternal plasma},
  author={Srinivasan, Anupama and Bianchi, Diana W and Huang, Hui and Sehnert, Amy J and Rava, Richard P},
  journal={The American Journal of Human Genetics},
  volume={92},
  number={2},
  pages={167--176},
  year={2013},
  publisher={Elsevier}
}

@article{chen2013,
  title={A method for noninvasive detection of fetal large deletions/duplications by low coverage massively parallel sequencing},
  author={Chen, Shengpei and Lau, Tze Kin and Zhang, Chunlei and Xu, Chenming and Xu, Zhengfeng and Hu, Ping and Xu, Jian and Huang, Hefeng and Pan, Ling and Jiang, Fuman and others},
  journal={Prenatal diagnosis},
  volume={33},
  number={6},
  pages={584--590},
  year={2013},
  publisher={Wiley Online Library}
}

@article{fan2012,
  title={Non-invasive prenatal measurement of the fetal genome},
  author={Fan, H Christina and Gu, Wei and Wang, Jianbin and Blumenfeld, Yair J and El-Sayed, Yasser Y and Quake, Stephen R},
  journal={Nature},
  volume={487},
  number={7407},
  pages={320--324},
  year={2012},
  publisher={Nature Publishing Group}
}

@article{wang2013,
  title={Gestational age and maternal weight effects on fetal cell-free DNA in maternal plasma},
  author={Wang, Eric and Batey, Annette and Struble, Craig and Musci, Thomas and Song, Ken and Oliphant, Arnold},
  journal={Prenatal diagnosis},
  pages={1--5},
  year={2013},
  publisher={Wiley Online Library}
}

@article{snyder2013primer,
  title={Noninvasive fetal genome sequencing: a primer},
  author={Snyder, Matthew W and Simmons, LaVone E and Kitzman, Jacob O and Santillan, Donna A and Santillan, Mark K and Gammill, Hilary S and Shendure, Jay},
  journal={Prenatal diagnosis},
  pages={1--8},
  year={2013},
  publisher={Wiley Online Library}
}

@article{browning2013,
  title={Improving the Accuracy and Efficiency of Identity-by-Descent Detection in Population Data},
  author={Browning, Brian L and Browning, Sharon R},
  journal={Genetics},
  volume={194},
  number={2},
  pages={459--471},
  year={2013},
  publisher={Genetics Soc America}
}


@article{abyzov2011cnvnator,
  title={{CNVnator: an approach to discover, genotype, and characterize typical and atypical CNVs from family and population genome sequencing}},
  author={Abyzov, Alexej and Urban, Alexander E and Snyder, Michael and Gerstein, Mark},
  journal={Genome research},
  volume={21},
  number={6},
  pages={974--984},
  year={2011},
  publisher={Cold Spring Harbor Lab}
}

@article{douglas2007amnio,
  title={Mid-Trimester Amniocentesis Fetal Loss Rate (Committee Opinion)},
  author={Douglas, Wilson R and Langlois, Sylvie and Johnson, Jo-Ann},
  journal={Journal of Obstetrics and Gynaecology Canada},
  volume={29},
  number={7},
  pages={586--590},
  year={2007}
}

@article{lo1997presence,
  title={Presence of fetal {DNA} in maternal plasma and serum},
  author={Lo, YM and Corbetta, Noemi and Chamberlain, Paul F and Rai, Vik and Sargent, Ian L and Redman, Christopher WG and Wainscoat, James S},
  journal={The Lancet},
  volume={350},
  number={9076},
  pages={485--487},
  year={1997},
  publisher={Elsevier}
}


@article{chiu2008noninvasive,
  title={Noninvasive prenatal diagnosis of fetal chromosomal aneuploidy by massively parallel genomic sequencing of {DNA} in maternal plasma},
  author={Chiu, Rossa WK and Chan, KC Allen and Gao, Yuan and Lau, Virginia YM and Zheng, Wenli and Leung, Tak Y and Foo, Chris HF and Xie, Bin and Tsui, Nancy BY and Lun, Fiona MF and others},
  journal={Proceedings of the National Academy of Sciences},
  volume={105},
  number={51},
  pages={20458--20463},
  year={2008},
  publisher={National Acad Sciences}
}

@article{fan2008noninvasive,
  title={Noninvasive diagnosis of fetal aneuploidy by shotgun sequencing {DNA} from maternal blood},
  author={Fan, H Christina and Blumenfeld, Yair J and Chitkara, Usha and Hudgins, Louanne and Quake, Stephen R},
  journal={Proceedings of the National Academy of Sciences},
  volume={105},
  number={42},
  pages={16266--16271},
  year={2008},
  publisher={National Acad Sciences}
}


